% This file was created with JabRef 2.10.
% Encoding: UTF-8


@Manual{Versuchsvorschrift,
  Title                    = {Versuchsvorschriften PR Allgemeine Chemie - Universit√§t Innsbruck},
  Author                   = {Wolfgang Viertl et al.},
  Year                     = {2019},

  Owner                    = {Florian Kluibenschedl},
  Timestamp                = {2019.03.03}
}

@Book{PhysicalChemistryAtkings,
  Title                    = {Physical Chemistry},
  Author                   = {Peter Atkins, Julio de Paula, James Keeler},
  Publisher                = {Oxford University Press},
  Year                     = {2018},

  Address                  = {Oxford, United Kingdom},
  Edition                  = {11th},

  Owner                    = {Florian Kluibenschedl},
  Timestamp                = {2019.02.26}
}

@Electronic{solubilityOtherOne,
  Author                   = {socratic.org},
  Url                      = {https://socratic.org/questions/use-the-value-ksp-1-4x10-8-for-pbi2-to-solve-the-following-problems},
  Year                     = {2019},

  Owner                    = {Florian Kluibenschedl},
  Timestamp                = {2019.03.12}
}

@Electronic{solubilityWikipedia,
  Title                    = {Blei(II)-iodid},
  Author                   = {wikipedia.org},
  Url                      = {https://de.wikipedia.org/wiki/Blei(II)-iodid},
  Year                     = {2019},

  Owner                    = {Florian Kluibenschedl},
  Timestamp                = {2019.03.12}
}

@Electronic{solubitliyWikizwei,
  Title                    = {Lead(II) iodide},
  Author                   = {wikipedia.org},
  Url                      = {https://en.wikipedia.org/wiki/Lead(II)_iodide},
  Year                     = {2019},

  Owner                    = {Florian Kluibenschedl},
  Timestamp                = {2019.03.12}
}

@Electronic{LibreOffice,
  Title                    = {LibreOffice},
  Url                      = {https://de.libreoffice.org/},
  Year                     = {2019},

  Owner                    = {Florian Kluibenschedl},
  Timestamp                = {2019.03.13}
}

@Electronic{Mathematica,
  Title                    = {Mathematica Software},
  Url                      = {https://www.wolfram.com/mathematica/?source=nav},
  Year                     = {2019},

  Owner                    = {Florian Kluibenschedl},
  Timestamp                = {2019.03.13}
}

@Book{solubilityConstants,
  Title                    = {CRC Handbook of Chemistry and Physics},
  Year                     = {2019},
  Edition                  = {87},

  Owner                    = {Florian Kluibenschedl},
  Timestamp                = {2019.03.12}
}

