% This file was created with JabRef 2.10.
% Encoding: UTF-8


@Electronic{EsterEigenschaften,
  Title                    = {Ester},
  Author                   = {chemie.de},
  Url                      = {http://www.chemie.de/lexikon/Ester.html#Besondere_Ester},
  Year                     = {2019},

  Owner                    = {Florian Kluibenschedl},
  Timestamp                = {2019.03.01}
}

@Book{PhysicalChemistryAtkings,
  Title                    = {Physical Chemistry},
  Author                   = {Peter Atkins, Julio de Paula, James Keeler},
  Publisher                = {Oxford University Press},
  Year                     = {2018},

  Address                  = {Oxford, United Kingdom},
  Edition                  = {11th},

  Owner                    = {Florian Kluibenschedl},
  Timestamp                = {2019.02.26}
}

@Electronic{Essigsaurepentyl,
  Title                    = {Essigs√§urepentylester},
  Author                   = {wikipedia.org},
  Url                      = {https://de.wikipedia.org/wiki/Essigs%C3%A4urepentylester#Nat%C3%BCrliches_Vorkommen},
  Year                     = {2019},

  Owner                    = {Florian Kluibenschedl},
  Timestamp                = {2019.03.01}
}

