% This file was created with JabRef 2.10.
% Encoding: UTF-8


@Manual{Versuchsvorschrift,
  Title                    = {Versuchsvorschriften PR Allgemeine Chemie - Universit√§t Innsbruck},
  Author                   = {Wolfgang Viertl et al.},
  Year                     = {2019},

  Owner                    = {Florian Kluibenschedl},
  Timestamp                = {2019.03.03}
}

@Electronic{NaOHDarstellung,
  Author                   = {chemie.de},
  Url                      = {http://www.chemie.de/lexikon/Chloralkali-Elektrolyse.html#2._Amalgamverfahren.html},
  Year                     = {2019},

  Owner                    = {Florian Kluibenschedl},
  Timestamp                = {2019.03.03}
}

@Book{PhysicalChemistryAtkings,
  Title                    = {Physical Chemistry},
  Author                   = {Peter Atkins, Julio de Paula, James Keeler},
  Publisher                = {Oxford University Press},
  Year                     = {2018},

  Address                  = {Oxford, United Kingdom},
  Edition                  = {11th},

  Owner                    = {Florian Kluibenschedl},
  Timestamp                = {2019.02.26}
}

