% Encoding: UTF-8

@Manual{Versuchsvorschrift,
  author    = {Bonn Günther et al.},
  title     = {Arbeitsunterlagen Instrumentalanalytisches Grundpraktikum},
  year      = {2019},
  subtitle  = {Für Chemiker und Lehramtskandidaten},
  location  = {Innsbruck},
  owner     = {Florian Kluibenschedl},
  timestamp = {2020-12-08}
}

@Book{PhysicalChemistryAtkings,
  Title                    = {Physical Chemistry},
  Author                   = {Peter Atkins, Julio de Paula, James Keeler},
  Publisher                = {Oxford University Press},
  Year                     = {2018},

  Address                  = {Oxford, United Kingdom},
  Edition                  = {11th},

  Owner                    = {Florian Kluibenschedl},
  Timestamp                = {2019.02.26}
}

@Book{Taschenatlas,
  author    = {Georg Schwedt},
  title     = {Taschenatlas der Analytik},
  year      = {2007},
  edition   = {3},
  location  = {Weinheim},
  owner     = {Florian Kluibenschedl},
  timestamp = {2020-12-08}
}

@Manual{AnalytikIII,
  author    = {Christian Huck},
  title     = {Analytische Chemie III},
  year      = {2019},
  subtitle  = {Atomspektroskopie},
  publisher = {Institut für Analytische Chemie und Radiochemie - Universität Innsbruck},
  location  = {Innsbruck},
  owner     = {Florian Kluibenschedl},
}

@Book{PhysikIII,
  author   = {Wolfgang Demtröder},
  title    = {Experimentalphysik 3},
  year     = {2016},
  subtitle = {Atome, Moleküle und Festkörper},
  edition  = {5},
  location = {Berlin},
}

@Book{InstrumentelleAnalytikSkoog,
  title     = {Principles of Instrumental Analysis},
  publisher = {Cengage Learning},
  year      = {2016},
  author    = {Douglas Skoog and James Holler and Stanley Crouch},
  address   = {Boston},
  edition   = {7},
}

@Book{QuantitativeAnalyseHarris,
  title     = {Lehrbuch der Quantitativen Analyse},
  publisher = {Springer},
  year      = {2014},
  author    = {Harris},
}

@Book{ModernLiquidChromatography,
  title     = {Introduction to Modern Liquid Chromatography},
  publisher = {Wiley-VCH},
  year      = {2010},
  author    = {Snyder and Kirkland and Dolan},
}

@Manual{SkriptGC,
  title  = {Umkehrphasen HPLC von Wasserrückständen - Instrumentalanalytisches Grundpraktikum Wintersemester 2019/20},
  author = {Susanne Huber},
  year   = {2019},
  owner  = {Florian Kluibenschedl},
}

