% Encoding: UTF-8

@Manual{Versuchsvorschrift,
  author    = {Bonn Günther et al.},
  title     = {Arbeitsunterlagen Instrumentalanalytisches Grundpraktikum - Universität Innsbruck},
  year      = {2019},
  subtitle  = {für Chemiker und Lehramtskandidaten},
  location  = {Innsbruck},
  owner     = {Florian Kluibenschedl},
  timestamp = {2020-12-08},
}

@Book{PhysicalChemistryAtkings,
  Title                    = {Physical Chemistry},
  Author                   = {Peter Atkins, Julio de Paula, James Keeler},
  Publisher                = {Oxford University Press},
  Year                     = {2018},

  Address                  = {Oxford, United Kingdom},
  Edition                  = {11th},

  Owner                    = {Florian Kluibenschedl},
  Timestamp                = {2019.02.26}
}

@Book{Taschenatlas,
  author    = {Georg Schwedt},
  title     = {Taschenatlas der Analytik},
  year      = {2007},
  edition   = {3},
  location  = {Weinheim},
  owner     = {Florian Kluibenschedl},
  timestamp = {2020-12-08},
}

@Manual{AnalytikIII,
  author    = {Christian Huck},
  title     = {Analytische Chemie III},
  year      = {2019},
  subtitle  = {Atomspektroskopie},
  publisher = {Institut für Analytische Chemie und Radiochemie - Universität Innsbruck},
  location  = {Innsbruck},
  owner     = {Florian Kluibenschedl},
}

@Book{PhysikIII,
  author   = {Wolfgang Demtröder},
  title    = {Experimentalphysik 3},
  year     = {2016},
  subtitle = {Atome, Moleküle und Festkörper},
  edition  = {5},
  location = {Berlin},
}

@Comment{jabref-meta: databaseType:biblatex;}
