% This file was created with JabRef 2.10.
% Encoding: UTF-8


@Manual{Versuchsvorschrift,
  Title                    = {Versuchsvorschriften PR Allgemeine Chemie - Universit√§t Innsbruck},
  Author                   = {Wolfgang Viertl et al.},
  Year                     = {2019},

  Owner                    = {Florian Kluibenschedl},
  Timestamp                = {2019.03.03}
}

@Book{InorganicChemistry,
  Title                    = {Inorganic Chemistry},
  Author                   = {Peter Atkins and Tina Overton and Jonathan Rourke and Mark Weller and Fraser Armstrong},
  Publisher                = {Oxford University Press},
  Year                     = {2014},

  Address                  = {Oxford},
  Edition                  = {6th edition},

  Owner                    = {Florian Kluibenschedl},
  Timestamp                = {2019.02.28}
}

@Book{PhysicalChemistryAtkings,
  Title                    = {Physical Chemistry},
  Author                   = {Peter Atkins, Julio de Paula, James Keeler},
  Publisher                = {Oxford University Press},
  Year                     = {2018},

  Address                  = {Oxford, United Kingdom},
  Edition                  = {11th},

  Owner                    = {Florian Kluibenschedl},
  Timestamp                = {2019.02.26}
}

@Book{Wasseranalyse,
  Title                    = {Chemische Reaktionen der Wasseranalyse},
  Author                   = {Rolf Pohling},
  Publisher                = {Springer Spektrum},
  Year                     = {2015},

  Owner                    = {Florian Kluibenschedl},
  Timestamp                = {2019.03.11}
}

@Book{TaschenatlasAnallytik,
  Title                    = {Taschenatlas der Analytik},
  Author                   = {Georg Schwedt},
  Publisher                = {Wiley-VCH Verlag GmbH \& Co.},
  Year                     = {2007},

  Address                  = {Weinheim},
  Edition                  = {3. Auflage},

  Owner                    = {Florian Kluibenschedl},
  Timestamp                = {2019.02.28}
}

