% This file was created with JabRef 2.10.
% Encoding: UTF-8


@Article{DegradationChlorophyll,
  Title                    = {The Degradation of Chlorophyll-a biological enigma},
  Author                   = {George A. F. Hendry and Jennifer D. Houghton and Stanley B. Brown},
  Year                     = {1987},
  Pages                    = {255-302},
  Volume                   = {107},

  Doi                      = {10.1111/j.1469-8137.1987.tb00181.x},
  Issue                    = {2},
  Journaltitle             = {New Phytologist},
  Owner                    = {Florian Kluibenschedl},
  Publisher                = {WILEY-VCH Verlag}
}

@Book{TaschenatlasAnallytik,
  Title                    = {Taschenatlas der Analytik},
  Author                   = {Georg Schwedt},
  Publisher                = {Wiley-VCH Verlag GmbH \& Co.},
  Year                     = {2007},

  Address                  = {Weinheim},
  Edition                  = {3. Auflage},

  Owner                    = {Florian Kluibenschedl},
  Timestamp                = {2019.02.28}
}

