% This file was created with JabRef 2.10.
% Encoding: UTF-8


@Manual{Versuchsvorschrift,
  Title                    = {Versuchsvorschriften PR Allgemeine Chemie - Universität Innsbruck},
  Author                   = {Wolfgang Viertl et al.},
  Year                     = {2019},

  Owner                    = {Florian Kluibenschedl},
  Timestamp                = {2019.03.03}
}

@Electronic{LeitungswasserRichtlinien,
  Title                    = {Der pH-Wert von Trinkwasser},
  Author                   = {Carolin},
  Url                      = {https://www.welltec-wasser.de/de/ratgeber/lesen/wie-ist-der-ph-wert-des-wassers.html},
  Year                     = {2019},

  Owner                    = {Florian Kluibenschedl},
  Timestamp                = {2019.03.02}
}

@Book{PhysicalChemistryAtkings,
  Title                    = {Physical Chemistry},
  Author                   = {Peter Atkins, Julio de Paula, James Keeler},
  Publisher                = {Oxford University Press},
  Year                     = {2018},

  Address                  = {Oxford, United Kingdom},
  Edition                  = {11th},

  Owner                    = {Florian Kluibenschedl},
  Timestamp                = {2019.02.26}
}

@Electronic{Essigsaure,
  Title                    = {Essigsäure},
  Author                   = {wikipedia.org},
  Url                      = {https://de.wikipedia.org/wiki/Essigs%C3%A4ure},
  Year                     = {2019},

  Owner                    = {Florian Kluibenschedl},
  Timestamp                = {2019.03.09}
}

